<?xml version="1.0" encoding="UTF-8"?>
<record xmlns="http://www.loc.gov/MARC21/slim">
  <leader>01441nam a2200301Ia 4504</leader>
  <controlfield tag="001">ocm08638218 </controlfield>
  <controlfield tag="003">OCoLC</controlfield>
  <controlfield tag="005">20091231124929.0</controlfield>
  <controlfield tag="008">820728s1982||||dcu      b   f000 0 eng d</controlfield>
  <datafield tag="040" ind1=" " ind2=" ">
    <subfield code="a">GPO</subfield>
    <subfield code="c">GPO</subfield>
    <subfield code="d">SEN</subfield>
  </datafield>
  <datafield tag="035" ind1=" " ind2=" ">
    <subfield code="a">(OCoLC)8638218</subfield>
  </datafield>
  <datafield tag="043" ind1=" " ind2=" ">
    <subfield code="a">n-us---</subfield>
  </datafield>
  <datafield tag="049" ind1=" " ind2=" ">
    <subfield code="a">SENP</subfield>
  </datafield>
  <datafield tag="099" ind1=" " ind2=" ">
    <subfield code="a">S. Prt. Vol. 681-0011</subfield>
  </datafield>
  <datafield tag="245" ind1="0" ind2="0">
    <subfield code="a">Description of tax bills and other estate tax matters relating to the section 6166 Technical Revision Act of 1982 (S. 2479), the tax treatment of certain disclaimers (S. 1983), and the estate tax valuation of certain mineral property :</subfield>
    <subfield code="b">scheduled for a hearing before the Subcommittee on Estate and Gift Taxation of the Senate Committee on Finance on May 27, 1982 /</subfield>
    <subfield code="c">prepared by the staff of the Joint Committee on Taxation.</subfield>
  </datafield>
  <datafield tag="260" ind1=" " ind2=" ">
    <subfield code="a">Washington :</subfield>
    <subfield code="b">U.S. Government Printing Office,</subfield>
    <subfield code="c">1982.</subfield>
  </datafield>
  <datafield tag="300" ind1=" " ind2=" ">
    <subfield code="a">iii, 20 p. ;</subfield>
    <subfield code="c">24 cm.</subfield>
  </datafield>
  <datafield tag="500" ind1=" " ind2=" ">
    <subfield code="a">At head of title: Joint Committee print.</subfield>
  </datafield>
  <datafield tag="500" ind1=" " ind2=" ">
    <subfield code="a">&quot;JCS-16-82.&quot;</subfield>
  </datafield>
  <datafield tag="500" ind1=" " ind2=" ">
    <subfield code="a">&quot;May 26, 1982.&quot;</subfield>
  </datafield>
  <datafield tag="504" ind1=" " ind2=" ">
    <subfield code="a">Includes bibliographical references.</subfield>
  </datafield>
  <datafield tag="650" ind1=" " ind2="0">
    <subfield code="a">Decedents&apos; estates</subfield>
    <subfield code="x">Taxation</subfield>
    <subfield code="z">United States.</subfield>
  </datafield>
  <datafield tag="650" ind1=" " ind2="4">
    <subfield code="a">S. 2479 97th Congress.</subfield>
  </datafield>
  <datafield tag="650" ind1=" " ind2="4">
    <subfield code="a">S. 1983 97th Congress.</subfield>
  </datafield>
  <datafield tag="710" ind1="1" ind2="0">
    <subfield code="a">United States.</subfield>
    <subfield code="b">Congress.</subfield>
    <subfield code="b">Senate.</subfield>
    <subfield code="b">Committee on Finance.</subfield>
    <subfield code="b">Subcommittee on Estate and Gift Taxation.</subfield>
  </datafield>
  <datafield tag="710" ind1="1" ind2="0">
    <subfield code="a">United States.</subfield>
    <subfield code="b">Congress.</subfield>
    <subfield code="b">Joint Committee on Taxation.</subfield>
  </datafield>
  <datafield tag="949" ind1=" " ind2=" ">
    <subfield code="a">SENP</subfield>
    <subfield code="c">S. Prt. Vol. 681-0011</subfield>
    <subfield code="g">20055277</subfield>
    <subfield code="n">c.1</subfield>
    <subfield code="o">06/17/94</subfield>
    <subfield code="t">SPRT</subfield>
  </datafield>
  <datafield tag="994" ind1=" " ind2=" ">
    <subfield code="a">C0</subfield>
    <subfield code="b">DTL</subfield>
  </datafield>
</record>
